<?xml version="1.0" encoding="UTF-8"?><collection xmlns="http://www.loc.gov/MARC21/slim"><record><leader>00434nam--2200169-i-4500</leader><controlfield tag="001">000019965</controlfield><controlfield tag="002">20161230</controlfield><controlfield tag="005">20161230201033</controlfield><controlfield tag="008">060222s1000------------r-----000-0-eng-d</controlfield><datafield ind1=" " ind2=" " tag="040"><subfield code="a">IFIN-HH</subfield></datafield><datafield ind1=" " ind2=" " tag="080"><subfield code="a">629.19(038):801.323.2=20=951</subfield></datafield><datafield ind1="1" ind2=" " tag="110"><subfield code="a">China</subfield></datafield><datafield ind1="1" ind2="0" tag="245"><subfield code="a">An english-chinese dictionary of space-electronics</subfield></datafield><datafield ind1=" " ind2=" " tag="260"><subfield code="a">/F.L.</subfield><subfield code="b">/F.E.</subfield><subfield code="c">1981</subfield></datafield><datafield ind1=" " ind2=" " tag="300"><subfield code="a">V + 504 P</subfield></datafield><datafield ind1=" " ind2=" " tag="852"><subfield code="a">D.571</subfield><subfield code="c">SLCH</subfield></datafield><datafield ind1=" " ind2=" " tag="CAT"><subfield code="a">Sys</subfield><subfield code="c">20130301</subfield><subfield code="h">153751</subfield></datafield></record></collection>